<collection xmlns="http://www.loc.gov/MARC21/slim">
<record>
  <leader>01308nam0a22002891i 450 </leader>
  <controlfield tag="001">IT\ICCU\CNCE\069334</controlfield>
  <controlfield tag="005">20160329000000.0</controlfield>
  <datafield tag="012" ind1=" " ind2=" ">
    <subfield code="a">loce rete baba ChZe (3) 1505 (R)</subfield>
    <subfield code="2">fei</subfield>
  </datafield>
  <datafield tag="100" ind1=" " ind2=" ">
    <subfield code="a">20061229d1505        0itac0103    ba</subfield>
  </datafield>
  <datafield tag="101" ind1=" " ind2=" ">
    <subfield code="a">ITA</subfield>
  </datafield>
  <datafield tag="102" ind1=" " ind2=" ">
    <subfield code="a">IT</subfield>
  </datafield>
  <datafield tag="200" ind1="1" ind2=" ">
    <subfield code="a">Epistole di Luca de Pulci al magnifico Lorenzo de Medici</subfield>
  </datafield>
  <datafield tag="210" ind1=" " ind2=" ">
    <subfield code="e">Impresso in Venetia</subfield>
    <subfield code="g">per maestro Manfrino Bon da Monferra</subfield>
    <subfield code="h">del 1505 adi XXI del mese de octobro</subfield>
  </datafield>
  <datafield tag="215" ind1=" " ind2=" ">
    <subfield code="a">\79! p.</subfield>
    <subfield code="d">8ʻ</subfield>
  </datafield>
  <datafield tag="620" ind1=" " ind2=" ">
    <subfield code="a">IT</subfield>
    <subfield code="d">Venezia</subfield>
  </datafield>
  <datafield tag="700" ind1=" " ind2="1">
    <subfield code="a">Pulci,</subfield>
    <subfield code="b">Luca</subfield>
    <subfield code="3">IT\ICCU\CNCA\008444</subfield>
  </datafield>
  <datafield tag="712" ind1="0" ind2="0">
    <subfield code="a">Bonelli, Manfredo</subfield>
    <subfield code="3">IT\ICCU\CNCT\000196</subfield>
    <subfield code="4">650</subfield>
  </datafield>
  <datafield tag="791" ind1="0" ind2="0">
    <subfield code="a">Bon, Manfrin</subfield>
    <subfield code="3">IT\ICCU\CNCT\003048</subfield>
    <subfield code="z">Bonelli, Manfredo</subfield>
  </datafield>
  <datafield tag="791" ind1="0" ind2="2">
    <subfield code="a">Manfrino da Monferrato</subfield>
    <subfield code="3">IT\ICCU\CNCT\003049</subfield>
    <subfield code="z">Bonelli, Manfredo</subfield>
  </datafield>
  <datafield tag="791" ind1="0" ind2="2">
    <subfield code="a">Manfredo da Monferrato</subfield>
    <subfield code="3">IT\ICCU\CNCT\003050</subfield>
    <subfield code="z">Bonelli, Manfredo</subfield>
  </datafield>
  <datafield tag="791" ind1="0" ind2="2">
    <subfield code="a">Manfredo de Monteferrato</subfield>
    <subfield code="3">IT\ICCU\CNCT\004710</subfield>
    <subfield code="z">Bonelli, Manfredo</subfield>
  </datafield>
  <datafield tag="791" ind1="0" ind2="0">
    <subfield code="a">Bonellis, Manfredus de</subfield>
    <subfield code="3">IT\ICCU\CNCT\004711</subfield>
    <subfield code="z">Bonelli, Manfredo</subfield>
  </datafield>
  <datafield tag="791" ind1="0" ind2="0">
    <subfield code="a">Bonello, Manfredo de</subfield>
    <subfield code="3">IT\ICCU\CNCT\004713</subfield>
    <subfield code="z">Bonelli, Manfredo</subfield>
  </datafield>
  <datafield tag="791" ind1="0" ind2="0">
    <subfield code="a">Bono, Manfredo</subfield>
    <subfield code="3">IT\ICCU\CNCT\005929</subfield>
    <subfield code="z">Bonelli, Manfredo</subfield>
  </datafield>
  <datafield tag="801" ind1=" " ind2="3">
    <subfield code="a">IT</subfield>
    <subfield code="b">ICCU</subfield>
    <subfield code="c">20201115</subfield>
  </datafield>
  <datafield tag="899" ind1=" " ind2=" ">
    <subfield code="a">Biblioteca Apostolica Vaticana. Citt ̉del Vaticano</subfield>
    <subfield code="1">EX0001</subfield>
    <subfield code="2">ZCV 01</subfield>
  </datafield>
  <datafield tag="899" ind1=" " ind2=" ">
    <subfield code="a">Biblioteca nazionale centrale. Firenze</subfield>
    <subfield code="1">FI0098</subfield>
    <subfield code="2">CFI CF</subfield>
  </datafield>
</record>
</collection>
